@article{hu2022deep,
  title={Deep learning for fake news detection: A comprehensive survey},
  author={Hu, Linmei and Wei, Siqi and Zhao, Ziwang and Wu, Bin},
  journal={AI open},
  volume={3},
  pages={133--155},
  year={2022},
  publisher={Elsevier}
}
@article{alghamdi2024unveiling,
  title={Unveiling the hidden patterns: A novel semantic deep learning approach to fake news detection on social media},
  author={Alghamdi, Jawaher and Lin, Yuqing and Luo, Suhuai},
  journal={Engineering Applications of Artificial Intelligence},
  volume={137},
  pages={109240},
  year={2024},
  publisher={Elsevier}
}
@article{soga2024exploiting,
  title={Exploiting stance similarity and graph neural networks for fake news detection},
  author={Soga, Kayato and Yoshida, Soh and Muneyasu, Mitsuji},
  journal={Pattern Recognition Letters},
  volume={177},
  pages={26--32},
  year={2024},
  publisher={Elsevier}
}
@article{roumeliotis2025fake,
  title={Fake News Detection and Classification: A Comparative Study of Convolutional Neural Networks, Large Language Models, and Natural Language Processing Models.},
  author={Roumeliotis, Konstantinos I and Tselikas, Nikolaos D and Nasiopoulos, Dimitrios K},
  journal={Future Internet},
  volume={17},
  number={1},
  year={2025}
}
@article{e2024ensemble,
  title={Ensemble based high performance deep learning models for fake news detection},
  author={E. Almandouh, Mohammed and Alrahmawy, Mohammed F and Eisa, Mohamed and Elhoseny, Mohamed and Tolba, AS},
  journal={Scientific Reports},
  volume={14},
  number={1},
  pages={26591},
  year={2024},
  publisher={Nature Publishing Group UK London}
}
@article{zamani2022optimized,
  title={Optimized Deep Learning Techniques to Identify Rumors and Fake News in Online Social Networks},
  author={Zamani, Abu Sarwar and Hashim, Aisha Hassan Abdalla and Mohamed, Sara Saadeldeen Ibrahim and Alam, Md Nasre},
  journal={Journal of Computational and Cognitive Engineering},
  year={2022}
}
@article{mouratidis2025misinformation,
  title={From Misinformation to Insight: Machine Learning Strategies for Fake News Detection.},
  author={Mouratidis, Despoina and Kanavos, Andreas and Kermanidis, Katia},
  journal={Information (2078-2489)},
  volume={16},
  number={3},
  year={2025}
}
@article{thota2018fake,
  title={Fake news detection: a deep learning approach},
  author={Thota, Aswini and Tilak, Priyanka and Ahluwalia, Simrat and Lohia, Nibrat},
  journal={SMU Data Science Review},
  volume={1},
  number={3},
  pages={10},
  year={2018}
}
@article{al2024ensemble,
  title={Ensemble Techniques for Robust Fake News Detection: Integrating Transformers, Natural Language Processing, and Machine Learning},
  author={Al-Alshaqi, Mohammed and Rawat, Danda B and Liu, Chunmei},
  journal={Sensors},
  volume={24},
  number={18},
  pages={6062},
  year={2024},
  publisher={MDPI}
}
@article{azevedo2024hybrid,
  title={Hybrid approaches to optimization and machine learning methods: a systematic literature review},
  author={Azevedo, Beatriz Flamia and Rocha, Ana Maria AC and Pereira, Ana I},
  journal={Machine Learning},
  volume={113},
  number={7},
  pages={4055--4097},
  year={2024},
  publisher={Springer}
}
@article{xue2021detecting,
  title={Detecting fake news by exploring the consistency of multimodal data},
  author={Xue, Junxiao and Wang, Yabo and Tian, Yichen and Li, Yafei and Shi, Lei and Wei, Lin},
  journal={Information Processing \& Management},
  volume={58},
  number={5},
  pages={102610},
  year={2021},
  publisher={Elsevier}
}
@article{kumar2024feature,
  title={Feature importance in the age of explainable AI: Case study of detecting fake news \& misinformation via a multi-modal framework},
  author={Kumar, Ajay and Taylor, James W},
  journal={European Journal of Operational Research},
  volume={317},
  number={2},
  pages={401--413},
  year={2024},
  publisher={Elsevier}
}
